%YAML 1.1
%TAG !u! tag:unity3d.com,2011:
--- !u!1 &1208144871472054
GameObject:
  m_ObjectHideFlags: 0
  m_CorrespondingSourceObject: {fileID: 0}
  m_PrefabInstance: {fileID: 0}
  m_PrefabAsset: {fileID: 0}
  serializedVersion: 6
  m_Component:
  - component: {fileID: 4520396350849616}
  - component: {fileID: -1723126832137232990}
  - component: {fileID: 212064061491315838}
  - component: {fileID: 95391780594314510}
  - component: {fileID: 50915408107096866}
  - component: {fileID: 8509783501685719824}
  - component: {fileID: 1824045667}
  - component: {fileID: -6521114504243170508}
  - component: {fileID: 5612266675243673761}
  - component: {fileID: 6602349691855699915}
  - component: {fileID: 7584736671182328571}
  - component: {fileID: 8354519853083720829}
  m_Layer: 8
  m_Name: Player
  m_TagString: Player
  m_Icon: {fileID: 0}
  m_NavMeshLayer: 0
  m_StaticEditorFlags: 0
  m_IsActive: 1
--- !u!4 &4520396350849616
Transform:
  m_ObjectHideFlags: 0
  m_CorrespondingSourceObject: {fileID: 0}
  m_PrefabInstance: {fileID: 0}
  m_PrefabAsset: {fileID: 0}
  m_GameObject: {fileID: 1208144871472054}
  m_LocalRotation: {x: 0, y: 0, z: 0, w: 1}
  m_LocalPosition: {x: 0, y: 0, z: 1}
  m_LocalScale: {x: 2, y: 2, z: 1}
  m_Children:
  - {fileID: 5260191296932385190}
  - {fileID: 5837406540817236980}
  - {fileID: 1810788480835847845}
  - {fileID: 8566925053868578502}
  - {fileID: 7341549894602506140}
  - {fileID: 6269176870070863889}
  - {fileID: 9195560408187717743}
  - {fileID: 5596413275086761781}
  m_Father: {fileID: 0}
  m_RootOrder: 0
  m_LocalEulerAnglesHint: {x: 0, y: 0, z: 0}
--- !u!114 &-1723126832137232990
MonoBehaviour:
  m_ObjectHideFlags: 0
  m_CorrespondingSourceObject: {fileID: 0}
  m_PrefabInstance: {fileID: 0}
  m_PrefabAsset: {fileID: 0}
  m_GameObject: {fileID: 1208144871472054}
  m_Enabled: 1
  m_EditorHideFlags: 0
  m_Script: {fileID: 11500000, guid: 56ac20b94267bf040b0372d8150150fa, type: 3}
  m_Name: 
  m_EditorClassIdentifier: 
  minGroundNormalY: 0.65
  minLimitForHorizontalMove: 0.1
  range: 7.06
  margin: 0.1
--- !u!212 &212064061491315838
SpriteRenderer:
  m_ObjectHideFlags: 0
  m_CorrespondingSourceObject: {fileID: 0}
  m_PrefabInstance: {fileID: 0}
  m_PrefabAsset: {fileID: 0}
  m_GameObject: {fileID: 1208144871472054}
  m_Enabled: 1
  m_CastShadows: 0
  m_ReceiveShadows: 0
  m_DynamicOccludee: 1
  m_MotionVectors: 1
  m_LightProbeUsage: 0
  m_ReflectionProbeUsage: 0
  m_RayTracingMode: 0
  m_RenderingLayerMask: 1
  m_RendererPriority: 0
  m_Materials:
  - {fileID: 2100000, guid: d2987820104b1d544a3738423b570c82, type: 2}
  m_StaticBatchInfo:
    firstSubMesh: 0
    subMeshCount: 0
  m_StaticBatchRoot: {fileID: 0}
  m_ProbeAnchor: {fileID: 0}
  m_LightProbeVolumeOverride: {fileID: 0}
  m_ScaleInLightmap: 1
  m_ReceiveGI: 1
  m_PreserveUVs: 0
  m_IgnoreNormalsForChartDetection: 0
  m_ImportantGI: 0
  m_StitchLightmapSeams: 0
  m_SelectedEditorRenderState: 0
  m_MinimumChartSize: 4
  m_AutoUVMaxDistance: 0.5
  m_AutoUVMaxAngle: 89
  m_LightmapParameters: {fileID: 0}
  m_SortingLayerID: 0
  m_SortingLayer: 0
  m_SortingOrder: 5
  m_Sprite: {fileID: 21300020, guid: ba86c7b200abe499cb750833482830b3, type: 3}
  m_Color: {r: 0.18039216, g: 0.8901961, b: 0.99215686, a: 1}
  m_FlipX: 0
  m_FlipY: 0
  m_DrawMode: 0
  m_Size: {x: 1.28, y: 1.26}
  m_AdaptiveModeThreshold: 0.5
  m_SpriteTileMode: 0
  m_WasSpriteAssigned: 1
  m_MaskInteraction: 0
  m_SpriteSortPoint: 0
--- !u!95 &95391780594314510
Animator:
  serializedVersion: 3
  m_ObjectHideFlags: 0
  m_CorrespondingSourceObject: {fileID: 0}
  m_PrefabInstance: {fileID: 0}
  m_PrefabAsset: {fileID: 0}
  m_GameObject: {fileID: 1208144871472054}
  m_Enabled: 1
  m_Avatar: {fileID: 0}
  m_Controller: {fileID: 9100000, guid: b09e60546065cf9448b36ebb7f759a91, type: 2}
  m_CullingMode: 0
  m_UpdateMode: 0
  m_ApplyRootMotion: 0
  m_LinearVelocityBlending: 0
  m_WarningMessage: 
  m_HasTransformHierarchy: 1
  m_AllowConstantClipSamplingOptimization: 1
  m_KeepAnimatorControllerStateOnDisable: 0
--- !u!50 &50915408107096866
Rigidbody2D:
  serializedVersion: 4
  m_ObjectHideFlags: 0
  m_CorrespondingSourceObject: {fileID: 0}
  m_PrefabInstance: {fileID: 0}
  m_PrefabAsset: {fileID: 0}
  m_GameObject: {fileID: 1208144871472054}
  m_BodyType: 1
  m_Simulated: 1
  m_UseFullKinematicContacts: 0
  m_UseAutoMass: 0
  m_Mass: 1
  m_LinearDrag: 0
  m_AngularDrag: 0.05
  m_GravityScale: 1
  m_Material: {fileID: 0}
  m_Interpolate: 0
  m_SleepingMode: 0
  m_CollisionDetection: 1
  m_Constraints: 4
--- !u!82 &8509783501685719824
AudioSource:
  m_ObjectHideFlags: 0
  m_CorrespondingSourceObject: {fileID: 0}
  m_PrefabInstance: {fileID: 0}
  m_PrefabAsset: {fileID: 0}
  m_GameObject: {fileID: 1208144871472054}
  m_Enabled: 1
  serializedVersion: 4
  OutputAudioMixerGroup: {fileID: 0}
  m_audioClip: {fileID: 0}
  m_PlayOnAwake: 0
  m_Volume: 1
  m_Pitch: 1
  Loop: 0
  Mute: 0
  Spatialize: 0
  SpatializePostEffects: 0
  Priority: 128
  DopplerLevel: 1
  MinDistance: 1
  MaxDistance: 500
  Pan2D: 0
  rolloffMode: 0
  BypassEffects: 0
  BypassListenerEffects: 0
  BypassReverbZones: 0
  rolloffCustomCurve:
    serializedVersion: 2
    m_Curve:
    - serializedVersion: 3
      time: 0
      value: 1
      inSlope: 0
      outSlope: 0
      tangentMode: 0
      weightedMode: 0
      inWeight: 0.33333334
      outWeight: 0.33333334
    - serializedVersion: 3
      time: 1
      value: 0
      inSlope: 0
      outSlope: 0
      tangentMode: 0
      weightedMode: 0
      inWeight: 0.33333334
      outWeight: 0.33333334
    m_PreInfinity: 2
    m_PostInfinity: 2
    m_RotationOrder: 4
  panLevelCustomCurve:
    serializedVersion: 2
    m_Curve:
    - serializedVersion: 3
      time: 0
      value: 0
      inSlope: 0
      outSlope: 0
      tangentMode: 0
      weightedMode: 0
      inWeight: 0.33333334
      outWeight: 0.33333334
    m_PreInfinity: 2
    m_PostInfinity: 2
    m_RotationOrder: 4
  spreadCustomCurve:
    serializedVersion: 2
    m_Curve:
    - serializedVersion: 3
      time: 0
      value: 0
      inSlope: 0
      outSlope: 0
      tangentMode: 0
      weightedMode: 0
      inWeight: 0.33333334
      outWeight: 0.33333334
    m_PreInfinity: 2
    m_PostInfinity: 2
    m_RotationOrder: 4
  reverbZoneMixCustomCurve:
    serializedVersion: 2
    m_Curve:
    - serializedVersion: 3
      time: 0
      value: 1
      inSlope: 0
      outSlope: 0
      tangentMode: 0
      weightedMode: 0
      inWeight: 0.33333334
      outWeight: 0.33333334
    m_PreInfinity: 2
    m_PostInfinity: 2
    m_RotationOrder: 4
--- !u!61 &1824045667
BoxCollider2D:
  m_ObjectHideFlags: 0
  m_CorrespondingSourceObject: {fileID: 0}
  m_PrefabInstance: {fileID: 0}
  m_PrefabAsset: {fileID: 0}
  m_GameObject: {fileID: 1208144871472054}
  m_Enabled: 1
  m_Density: 1
  m_Material: {fileID: 0}
  m_IsTrigger: 0
  m_UsedByEffector: 0
  m_UsedByComposite: 0
  m_Offset: {x: -0.09, y: -0.14}
  m_SpriteTilingProperty:
    border: {x: 0, y: 0, z: 0, w: 0}
    pivot: {x: 0.5, y: 0.5}
    oldSize: {x: 1.28, y: 1.26}
    newSize: {x: 1.28, y: 1.26}
    adaptiveTilingThreshold: 0.5
    drawMode: 0
    adaptiveTiling: 0
  m_AutoTiling: 0
  serializedVersion: 2
  m_Size: {x: 0.32, y: 0.54}
  m_EdgeRadius: 0
--- !u!114 &-6521114504243170508
MonoBehaviour:
  m_ObjectHideFlags: 0
  m_CorrespondingSourceObject: {fileID: 0}
  m_PrefabInstance: {fileID: 0}
  m_PrefabAsset: {fileID: 0}
  m_GameObject: {fileID: 1208144871472054}
  m_Enabled: 1
  m_EditorHideFlags: 0
  m_Script: {fileID: 11500000, guid: eaf8495fef9a7cc4388f9b65d33b6277, type: 3}
  m_Name: 
  m_EditorClassIdentifier: 
  horizontalGroundSpeedMax: 10
  horizontalGroundAcceleration: 120
  horizontalGroundDeceleration: 60
  airSpeedMax: 10
  airAcceleration: 40
  airDeceleration: 20
  swingSpeedMax: 20
  swingSideAcceleration: 20
  swingDownAcceleration: 70
  swingFriction: 0.5
  jumpCurve:
    serializedVersion: 2
    m_Curve:
    - serializedVersion: 3
      time: 0
      value: 0
      inSlope: 10.083485
      outSlope: 10.083485
      tangentMode: 0
      weightedMode: 0
      inWeight: 0.33333334
      outWeight: 0.39855942
    - serializedVersion: 3
      time: 0.25
      value: 1
      inSlope: 0
      outSlope: 0
      tangentMode: 136
      weightedMode: 0
      inWeight: 0.33333334
      outWeight: 0.33333334
    - serializedVersion: 3
      time: 0.5
      value: 0
      inSlope: -10.046634
      outSlope: -10.046634
      tangentMode: 0
      weightedMode: 0
      inWeight: 0.40096033
      outWeight: 0.33333334
    m_PreInfinity: 2
    m_PostInfinity: 2
    m_RotationOrder: 4
  jumpMiddle: 0.25
  coyoteTime: 0.1
  jumpCount: 1
  jumpInputTimeMax: 0.3
  healthMax: 100
  Team: 0
--- !u!114 &5612266675243673761
MonoBehaviour:
  m_ObjectHideFlags: 0
  m_CorrespondingSourceObject: {fileID: 0}
  m_PrefabInstance: {fileID: 0}
  m_PrefabAsset: {fileID: 0}
  m_GameObject: {fileID: 1208144871472054}
  m_Enabled: 1
  m_EditorHideFlags: 0
  m_Script: {fileID: 11500000, guid: 21999b3d6a485d742b2be622d176a010, type: 3}
  m_Name: 
  m_EditorClassIdentifier: 
  hurtColor: {r: 1, g: 0, b: 0, a: 1}
  colorChangeDuration: 0.5
  isUiElement: 0
  maxHealth: 100
  currentHealth: 100
  playerNetwork: {fileID: 6602349691855699915}
  spawnPoint: {fileID: 7024058535673623915}
  healthBarSlider: {fileID: 0}
  blinkPeriod: 0.1
  invincibilityDuration: 0.5
  hurtAnimationDuration: 0
  deathAnimationDuration: 0
  spawnAnimationDuration: 0
  dropIndividualItemsInsteadOfPackWhenDying: 1
--- !u!114 &6602349691855699915
MonoBehaviour:
  m_ObjectHideFlags: 0
  m_CorrespondingSourceObject: {fileID: 0}
  m_PrefabInstance: {fileID: 0}
  m_PrefabAsset: {fileID: 0}
  m_GameObject: {fileID: 1208144871472054}
  m_Enabled: 1
  m_EditorHideFlags: 0
  m_Script: {fileID: 11500000, guid: 024614208d9b6c441b5007f925d1a242, type: 3}
  m_Name: 
  m_EditorClassIdentifier: 
  ownerID: 0
  playerHealth: {fileID: 5612266675243673761}
  playerChestNetwork: {fileID: 0}
  minimapPlayerMarker: {fileID: 0}
  doubleProjectileWeapon: {fileID: 5260191296932384775}
  buildWeapon: {fileID: 7617275757030545285}
  explosions:
  - {fileID: 8563106406913955008, guid: f6276f3db10072647a7ba291c3821d23, type: 3}
  - {fileID: 8563106406913955008, guid: f33c9fb5181eb0a4aa5e09be45989f45, type: 3}
--- !u!114 &7584736671182328571
MonoBehaviour:
  m_ObjectHideFlags: 0
  m_CorrespondingSourceObject: {fileID: 0}
  m_PrefabInstance: {fileID: 0}
  m_PrefabAsset: {fileID: 0}
  m_GameObject: {fileID: 1208144871472054}
  m_Enabled: 1
  m_EditorHideFlags: 0
  m_Script: {fileID: 11500000, guid: 27b4056eaa9cc174993e7af1234ffa57, type: 3}
  m_Name: 
  m_EditorClassIdentifier: 
  inventory: {fileID: 0}
--- !u!114 &8354519853083720829
MonoBehaviour:
  m_ObjectHideFlags: 0
  m_CorrespondingSourceObject: {fileID: 0}
  m_PrefabInstance: {fileID: 0}
  m_PrefabAsset: {fileID: 0}
  m_GameObject: {fileID: 1208144871472054}
  m_Enabled: 1
  m_EditorHideFlags: 0
  m_Script: {fileID: 11500000, guid: 95b29603222975e4ca59800b38cb92fb, type: 3}
  m_Name: 
  m_EditorClassIdentifier: 
  maxCarriedBlocks: 40
  maxCarriedCrystals: 20
  dirtBlockIndexToNetworkInstantiate: 0
  crystalIndexToNetworkInstantiate: 5
  dirtBlockIndexToNetworkInstantiateWhenDroppingIndividualItems: 8
  crystalIndexToNetworkInstantiateWhenDroppingIndividualItems: 9
  dirtBlockIndexToNetworkInstantiateWhenDroppingPacks: 6
  crystalIndexToNetworkInstantiateWhenDroppingPacks: 7
  speedToFlyDropItems: 7
  minAngleAboveTheHorizontalToDropItems: 60
--- !u!1 &547639890278694471
GameObject:
  m_ObjectHideFlags: 0
  m_CorrespondingSourceObject: {fileID: 0}
  m_PrefabInstance: {fileID: 0}
  m_PrefabAsset: {fileID: 0}
  serializedVersion: 6
  m_Component:
  - component: {fileID: 5837406540817236980}
  - component: {fileID: 7024058535673623915}
  m_Layer: 8
  m_Name: Spawn Point
  m_TagString: Untagged
  m_Icon: {fileID: 0}
  m_NavMeshLayer: 0
  m_StaticEditorFlags: 0
  m_IsActive: 1
--- !u!4 &5837406540817236980
Transform:
  m_ObjectHideFlags: 0
  m_CorrespondingSourceObject: {fileID: 0}
  m_PrefabInstance: {fileID: 0}
  m_PrefabAsset: {fileID: 0}
  m_GameObject: {fileID: 547639890278694471}
  m_LocalRotation: {x: 0, y: 0, z: 0, w: 1}
  m_LocalPosition: {x: 0, y: 0, z: 0}
  m_LocalScale: {x: 1, y: 1, z: 1}
  m_Children: []
  m_Father: {fileID: 4520396350849616}
  m_RootOrder: 1
  m_LocalEulerAnglesHint: {x: 0, y: 0, z: 0}
--- !u!114 &7024058535673623915
MonoBehaviour:
  m_ObjectHideFlags: 0
  m_CorrespondingSourceObject: {fileID: 0}
  m_PrefabInstance: {fileID: 0}
  m_PrefabAsset: {fileID: 0}
  m_GameObject: {fileID: 547639890278694471}
  m_Enabled: 1
  m_EditorHideFlags: 0
  m_Script: {fileID: 11500000, guid: 97143aaad65244901859cf22f86c8b49, type: 3}
  m_Name: 
  m_EditorClassIdentifier: 
--- !u!1 &5941719686918109366
GameObject:
  m_ObjectHideFlags: 0
  m_CorrespondingSourceObject: {fileID: 0}
  m_PrefabInstance: {fileID: 0}
  m_PrefabAsset: {fileID: 0}
  serializedVersion: 6
  m_Component:
  - component: {fileID: 3281211031639701622}
  m_Layer: 8
  m_Name: TipOfWand
  m_TagString: Untagged
  m_Icon: {fileID: 0}
  m_NavMeshLayer: 0
  m_StaticEditorFlags: 0
  m_IsActive: 1
--- !u!4 &3281211031639701622
Transform:
  m_ObjectHideFlags: 0
  m_CorrespondingSourceObject: {fileID: 0}
  m_PrefabInstance: {fileID: 0}
  m_PrefabAsset: {fileID: 0}
  m_GameObject: {fileID: 5941719686918109366}
  m_LocalRotation: {x: 0, y: 0, z: 0, w: 1}
  m_LocalPosition: {x: 0.283, y: 0.273, z: 0}
  m_LocalScale: {x: 1, y: 1, z: 1}
  m_Children: []
  m_Father: {fileID: 5596413275086761781}
  m_RootOrder: 0
  m_LocalEulerAnglesHint: {x: 0, y: 0, z: 0}
--- !u!1 &6926609112846387624
GameObject:
  m_ObjectHideFlags: 0
  m_CorrespondingSourceObject: {fileID: 0}
  m_PrefabInstance: {fileID: 0}
  m_PrefabAsset: {fileID: 0}
  serializedVersion: 6
  m_Component:
  - component: {fileID: 5596413275086761781}
  - component: {fileID: 2234789095360489110}
  - component: {fileID: 1917698434456519229}
  m_Layer: 8
  m_Name: Wand Sprite
  m_TagString: Untagged
  m_Icon: {fileID: 0}
  m_NavMeshLayer: 0
  m_StaticEditorFlags: 0
  m_IsActive: 1
--- !u!4 &5596413275086761781
Transform:
  m_ObjectHideFlags: 0
  m_CorrespondingSourceObject: {fileID: 0}
  m_PrefabInstance: {fileID: 0}
  m_PrefabAsset: {fileID: 0}
  m_GameObject: {fileID: 6926609112846387624}
  m_LocalRotation: {x: 0, y: 0, z: 0, w: 1}
  m_LocalPosition: {x: 0.2, y: -0.15, z: 0}
  m_LocalScale: {x: 1, y: 1, z: 1}
  m_Children:
  - {fileID: 3281211031639701622}
  m_Father: {fileID: 4520396350849616}
  m_RootOrder: 7
  m_LocalEulerAnglesHint: {x: 0, y: 0, z: 0}
--- !u!212 &2234789095360489110
SpriteRenderer:
  m_ObjectHideFlags: 0
  m_CorrespondingSourceObject: {fileID: 0}
  m_PrefabInstance: {fileID: 0}
  m_PrefabAsset: {fileID: 0}
  m_GameObject: {fileID: 6926609112846387624}
  m_Enabled: 1
  m_CastShadows: 0
  m_ReceiveShadows: 0
  m_DynamicOccludee: 1
  m_MotionVectors: 1
  m_LightProbeUsage: 1
  m_ReflectionProbeUsage: 1
  m_RayTracingMode: 0
  m_RenderingLayerMask: 1
  m_RendererPriority: 0
  m_Materials:
  - {fileID: 2100000, guid: a97c105638bdf8b4a8650670310a4cd3, type: 2}
  m_StaticBatchInfo:
    firstSubMesh: 0
    subMeshCount: 0
  m_StaticBatchRoot: {fileID: 0}
  m_ProbeAnchor: {fileID: 0}
  m_LightProbeVolumeOverride: {fileID: 0}
  m_ScaleInLightmap: 1
  m_ReceiveGI: 1
  m_PreserveUVs: 0
  m_IgnoreNormalsForChartDetection: 0
  m_ImportantGI: 0
  m_StitchLightmapSeams: 1
  m_SelectedEditorRenderState: 0
  m_MinimumChartSize: 4
  m_AutoUVMaxDistance: 0.5
  m_AutoUVMaxAngle: 89
  m_LightmapParameters: {fileID: 0}
  m_SortingLayerID: 0
  m_SortingLayer: 0
  m_SortingOrder: 30
  m_Sprite: {fileID: 21300000, guid: fb6842f21df8b5b42845f6c8af240dbc, type: 3}
  m_Color: {r: 1, g: 1, b: 1, a: 1}
  m_FlipX: 0
  m_FlipY: 0
  m_DrawMode: 0
  m_Size: {x: 0.5, y: 0.5}
  m_AdaptiveModeThreshold: 0.5
  m_SpriteTileMode: 0
  m_WasSpriteAssigned: 1
  m_MaskInteraction: 0
  m_SpriteSortPoint: 0
--- !u!114 &1917698434456519229
MonoBehaviour:
  m_ObjectHideFlags: 0
  m_CorrespondingSourceObject: {fileID: 0}
  m_PrefabInstance: {fileID: 0}
  m_PrefabAsset: {fileID: 0}
  m_GameObject: {fileID: 6926609112846387624}
  m_Enabled: 1
  m_EditorHideFlags: 0
  m_Script: {fileID: 11500000, guid: debb62f6c25f4554d981eb75bbea4377, type: 3}
  m_Name: 
  m_EditorClassIdentifier: 
--- !u!1 &9185423598071342922
GameObject:
  m_ObjectHideFlags: 0
  m_CorrespondingSourceObject: {fileID: 0}
  m_PrefabInstance: {fileID: 0}
  m_PrefabAsset: {fileID: 0}
  serializedVersion: 6
  m_Component:
  - component: {fileID: 7341549894602506140}
  - component: {fileID: 2354739421642636751}
  m_Layer: 8
  m_Name: GunSelection
  m_TagString: Untagged
  m_Icon: {fileID: 0}
  m_NavMeshLayer: 0
  m_StaticEditorFlags: 0
  m_IsActive: 1
--- !u!4 &7341549894602506140
Transform:
  m_ObjectHideFlags: 0
  m_CorrespondingSourceObject: {fileID: 0}
  m_PrefabInstance: {fileID: 0}
  m_PrefabAsset: {fileID: 0}
  m_GameObject: {fileID: 9185423598071342922}
  m_LocalRotation: {x: 0, y: 0, z: 0, w: 1}
  m_LocalPosition: {x: 0, y: 0, z: 0}
  m_LocalScale: {x: 1, y: 1, z: 1}
  m_Children: []
  m_Father: {fileID: 4520396350849616}
  m_RootOrder: 4
  m_LocalEulerAnglesHint: {x: 0, y: 0, z: 0}
--- !u!114 &2354739421642636751
MonoBehaviour:
  m_ObjectHideFlags: 0
  m_CorrespondingSourceObject: {fileID: 0}
  m_PrefabInstance: {fileID: 0}
  m_PrefabAsset: {fileID: 0}
  m_GameObject: {fileID: 9185423598071342922}
  m_Enabled: 1
  m_EditorHideFlags: 0
  m_Script: {fileID: 11500000, guid: d8eda7b897aea584dbf35cc08cd5e97e, type: 3}
  m_Name: 
  m_EditorClassIdentifier: 
  controller: {fileID: -1723126832137232990}
  defaultState: 0
  weapon: {fileID: 5260191296932385338}
  diggingTool: {fileID: 8940299116446620266}
  constructionTool: {fileID: 8566925053868578499}
  scrollAmountNeeded: 1
--- !u!1001 &3999054035349478000
PrefabInstance:
  m_ObjectHideFlags: 0
  serializedVersion: 2
  m_Modification:
    m_TransformParent: {fileID: 4520396350849616}
    m_Modifications:
    - target: {fileID: 2482010883050647215, guid: 136a36177ea04ad4a829d3cf6cad1f47,
        type: 3}
      propertyPath: target
      value: 
      objectReference: {fileID: 4520396350849616}
    - target: {fileID: 3697991189349342556, guid: 136a36177ea04ad4a829d3cf6cad1f47,
        type: 3}
      propertyPath: fairyParticlesPrefab
      value: 
      objectReference: {fileID: 4421388815187148487, guid: 3a7b0952423ef2640ace0c1925358397,
        type: 3}
    - target: {fileID: 6953532883117167201, guid: 136a36177ea04ad4a829d3cf6cad1f47,
        type: 3}
      propertyPath: m_LocalPosition.x
      value: 0
      objectReference: {fileID: 0}
    - target: {fileID: 6953532883117167201, guid: 136a36177ea04ad4a829d3cf6cad1f47,
        type: 3}
      propertyPath: m_LocalPosition.y
      value: 0
      objectReference: {fileID: 0}
    - target: {fileID: 6953532883117167201, guid: 136a36177ea04ad4a829d3cf6cad1f47,
        type: 3}
      propertyPath: m_LocalPosition.z
      value: 0
      objectReference: {fileID: 0}
    - target: {fileID: 6953532883117167201, guid: 136a36177ea04ad4a829d3cf6cad1f47,
        type: 3}
      propertyPath: m_LocalRotation.x
      value: 0
      objectReference: {fileID: 0}
    - target: {fileID: 6953532883117167201, guid: 136a36177ea04ad4a829d3cf6cad1f47,
        type: 3}
      propertyPath: m_LocalRotation.y
      value: 0
      objectReference: {fileID: 0}
    - target: {fileID: 6953532883117167201, guid: 136a36177ea04ad4a829d3cf6cad1f47,
        type: 3}
      propertyPath: m_LocalRotation.z
      value: 0
      objectReference: {fileID: 0}
    - target: {fileID: 6953532883117167201, guid: 136a36177ea04ad4a829d3cf6cad1f47,
        type: 3}
      propertyPath: m_LocalRotation.w
      value: 1
      objectReference: {fileID: 0}
    - target: {fileID: 6953532883117167201, guid: 136a36177ea04ad4a829d3cf6cad1f47,
        type: 3}
      propertyPath: m_RootOrder
      value: 5
      objectReference: {fileID: 0}
    - target: {fileID: 6953532883117167201, guid: 136a36177ea04ad4a829d3cf6cad1f47,
        type: 3}
      propertyPath: m_LocalEulerAnglesHint.x
      value: 0
      objectReference: {fileID: 0}
    - target: {fileID: 6953532883117167201, guid: 136a36177ea04ad4a829d3cf6cad1f47,
        type: 3}
      propertyPath: m_LocalEulerAnglesHint.y
      value: 0
      objectReference: {fileID: 0}
    - target: {fileID: 6953532883117167201, guid: 136a36177ea04ad4a829d3cf6cad1f47,
        type: 3}
      propertyPath: m_LocalEulerAnglesHint.z
      value: 0
      objectReference: {fileID: 0}
    - target: {fileID: 8045187792155791302, guid: 136a36177ea04ad4a829d3cf6cad1f47,
        type: 3}
      propertyPath: m_Name
      value: Fairy
      objectReference: {fileID: 0}
    m_RemovedComponents: []
  m_SourcePrefab: {fileID: 100100000, guid: 136a36177ea04ad4a829d3cf6cad1f47, type: 3}
--- !u!4 &6269176870070863889 stripped
Transform:
  m_CorrespondingSourceObject: {fileID: 6953532883117167201, guid: 136a36177ea04ad4a829d3cf6cad1f47,
    type: 3}
  m_PrefabInstance: {fileID: 3999054035349478000}
  m_PrefabAsset: {fileID: 0}
--- !u!1001 &5260191296932385605
PrefabInstance:
  m_ObjectHideFlags: 0
  serializedVersion: 2
  m_Modification:
    m_TransformParent: {fileID: 4520396350849616}
    m_Modifications:
    - target: {fileID: 2676341633215393944, guid: 7a224335c3a2ae24d92ab2a6800f9120,
        type: 3}
      propertyPath: m_Name
      value: ProjectileGun
      objectReference: {fileID: 0}
    - target: {fileID: 2676341633215393949, guid: 7a224335c3a2ae24d92ab2a6800f9120,
        type: 3}
      propertyPath: m_LocalPosition.x
      value: 0
      objectReference: {fileID: 0}
    - target: {fileID: 2676341633215393949, guid: 7a224335c3a2ae24d92ab2a6800f9120,
        type: 3}
      propertyPath: m_LocalPosition.y
      value: 0
      objectReference: {fileID: 0}
    - target: {fileID: 2676341633215393949, guid: 7a224335c3a2ae24d92ab2a6800f9120,
        type: 3}
      propertyPath: m_LocalPosition.z
      value: 0
      objectReference: {fileID: 0}
    - target: {fileID: 2676341633215393949, guid: 7a224335c3a2ae24d92ab2a6800f9120,
        type: 3}
      propertyPath: m_LocalRotation.x
      value: 0
      objectReference: {fileID: 0}
    - target: {fileID: 2676341633215393949, guid: 7a224335c3a2ae24d92ab2a6800f9120,
        type: 3}
      propertyPath: m_LocalRotation.y
      value: 0
      objectReference: {fileID: 0}
    - target: {fileID: 2676341633215393949, guid: 7a224335c3a2ae24d92ab2a6800f9120,
        type: 3}
      propertyPath: m_LocalRotation.z
      value: 0
      objectReference: {fileID: 0}
    - target: {fileID: 2676341633215393949, guid: 7a224335c3a2ae24d92ab2a6800f9120,
        type: 3}
      propertyPath: m_LocalRotation.w
      value: 1
      objectReference: {fileID: 0}
    - target: {fileID: 2676341633215393949, guid: 7a224335c3a2ae24d92ab2a6800f9120,
        type: 3}
      propertyPath: m_RootOrder
      value: 0
      objectReference: {fileID: 0}
    - target: {fileID: 2676341633215393949, guid: 7a224335c3a2ae24d92ab2a6800f9120,
        type: 3}
      propertyPath: m_LocalEulerAnglesHint.x
      value: 0
      objectReference: {fileID: 0}
    - target: {fileID: 2676341633215393949, guid: 7a224335c3a2ae24d92ab2a6800f9120,
        type: 3}
      propertyPath: m_LocalEulerAnglesHint.y
      value: 0
      objectReference: {fileID: 0}
    - target: {fileID: 2676341633215393949, guid: 7a224335c3a2ae24d92ab2a6800f9120,
        type: 3}
      propertyPath: m_LocalEulerAnglesHint.z
      value: 0
      objectReference: {fileID: 0}
    - target: {fileID: 2723261172046331158, guid: 7a224335c3a2ae24d92ab2a6800f9120,
        type: 3}
      propertyPath: Player
      value: 
      objectReference: {fileID: 7584736671182328571}
    - target: {fileID: 4928499548927770450, guid: 7a224335c3a2ae24d92ab2a6800f9120,
        type: 3}
      propertyPath: projectilePrefab
      value: 
      objectReference: {fileID: 8279205307533389898, guid: 3e54b21112dbb8f4c993b4800b9d2646,
        type: 3}
    - target: {fileID: 4928499548927770450, guid: 7a224335c3a2ae24d92ab2a6800f9120,
        type: 3}
      propertyPath: player
      value: 
      objectReference: {fileID: 7584736671182328571}
    - target: {fileID: 4928499548927770450, guid: 7a224335c3a2ae24d92ab2a6800f9120,
        type: 3}
      propertyPath: playerNetwork
      value: 
      objectReference: {fileID: 6602349691855699915}
    - target: {fileID: 4928499548927770450, guid: 7a224335c3a2ae24d92ab2a6800f9120,
        type: 3}
      propertyPath: controller
      value: 
      objectReference: {fileID: -1723126832137232990}
    - target: {fileID: 5384260397384032371, guid: 7a224335c3a2ae24d92ab2a6800f9120,
        type: 3}
      propertyPath: m_RootOrder
      value: 0
      objectReference: {fileID: 0}
    - target: {fileID: 5384260397384032371, guid: 7a224335c3a2ae24d92ab2a6800f9120,
        type: 3}
      propertyPath: m_SizeDelta.x
      value: 100
      objectReference: {fileID: 0}
    - target: {fileID: 8224481566503401356, guid: 7a224335c3a2ae24d92ab2a6800f9120,
        type: 3}
      propertyPath: playerNetwork
      value: 
      objectReference: {fileID: 6602349691855699915}
    - target: {fileID: 8224481566503401356, guid: 7a224335c3a2ae24d92ab2a6800f9120,
        type: 3}
      propertyPath: player
      value: 
      objectReference: {fileID: 7584736671182328571}
    - target: {fileID: 8224481566503401356, guid: 7a224335c3a2ae24d92ab2a6800f9120,
        type: 3}
      propertyPath: controller
      value: 
      objectReference: {fileID: -1723126832137232990}
    - target: {fileID: 8224481566503401356, guid: 7a224335c3a2ae24d92ab2a6800f9120,
        type: 3}
      propertyPath: originOfProjectile
      value: 
      objectReference: {fileID: 3281211031639701622}
    m_RemovedComponents: []
  m_SourcePrefab: {fileID: 100100000, guid: 7a224335c3a2ae24d92ab2a6800f9120, type: 3}
--- !u!1 &5260191296932385338 stripped
GameObject:
  m_CorrespondingSourceObject: {fileID: 2676341633215393944, guid: 7a224335c3a2ae24d92ab2a6800f9120,
    type: 3}
  m_PrefabInstance: {fileID: 5260191296932385605}
  m_PrefabAsset: {fileID: 0}
--- !u!224 &5260191296932385190 stripped
RectTransform:
  m_CorrespondingSourceObject: {fileID: 5384260397384032371, guid: 7a224335c3a2ae24d92ab2a6800f9120,
    type: 3}
  m_PrefabInstance: {fileID: 5260191296932385605}
  m_PrefabAsset: {fileID: 0}
--- !u!114 &5260191296932384775 stripped
MonoBehaviour:
  m_CorrespondingSourceObject: {fileID: 2723261172046331158, guid: 7a224335c3a2ae24d92ab2a6800f9120,
    type: 3}
  m_PrefabInstance: {fileID: 5260191296932385605}
  m_PrefabAsset: {fileID: 0}
  m_GameObject: {fileID: 5260191296932385338}
  m_Enabled: 1
  m_EditorHideFlags: 0
  m_Script: {fileID: 11500000, guid: ce2a095a8fdf8af4ab75a230c8790b93, type: 3}
  m_Name: 
  m_EditorClassIdentifier: 
--- !u!1001 &5616502164903010154
PrefabInstance:
  m_ObjectHideFlags: 0
  serializedVersion: 2
  m_Modification:
    m_TransformParent: {fileID: 4520396350849616}
    m_Modifications:
    - target: {fileID: 1075730642057156048, guid: a85a8be6088c303488e8cc85a4a9c942,
        type: 3}
      propertyPath: playerNetwork
      value: 
      objectReference: {fileID: 6602349691855699915}
    - target: {fileID: 1075730642057156048, guid: a85a8be6088c303488e8cc85a4a9c942,
        type: 3}
      propertyPath: player
      value: 
      objectReference: {fileID: 7584736671182328571}
    - target: {fileID: 1075730642057156048, guid: a85a8be6088c303488e8cc85a4a9c942,
        type: 3}
      propertyPath: controller
      value: 
      objectReference: {fileID: -1723126832137232990}
    - target: {fileID: 3594858058566305024, guid: a85a8be6088c303488e8cc85a4a9c942,
        type: 3}
      propertyPath: m_Name
      value: PickaxeGun
      objectReference: {fileID: 0}
    - target: {fileID: 6111635871022619087, guid: a85a8be6088c303488e8cc85a4a9c942,
        type: 3}
      propertyPath: m_LocalPosition.x
      value: 0
      objectReference: {fileID: 0}
    - target: {fileID: 6111635871022619087, guid: a85a8be6088c303488e8cc85a4a9c942,
        type: 3}
      propertyPath: m_LocalPosition.y
      value: 0
      objectReference: {fileID: 0}
    - target: {fileID: 6111635871022619087, guid: a85a8be6088c303488e8cc85a4a9c942,
        type: 3}
      propertyPath: m_LocalPosition.z
      value: 0
      objectReference: {fileID: 0}
    - target: {fileID: 6111635871022619087, guid: a85a8be6088c303488e8cc85a4a9c942,
        type: 3}
      propertyPath: m_LocalRotation.x
      value: 0
      objectReference: {fileID: 0}
    - target: {fileID: 6111635871022619087, guid: a85a8be6088c303488e8cc85a4a9c942,
        type: 3}
      propertyPath: m_LocalRotation.y
      value: 0
      objectReference: {fileID: 0}
    - target: {fileID: 6111635871022619087, guid: a85a8be6088c303488e8cc85a4a9c942,
        type: 3}
      propertyPath: m_LocalRotation.z
      value: 0
      objectReference: {fileID: 0}
    - target: {fileID: 6111635871022619087, guid: a85a8be6088c303488e8cc85a4a9c942,
        type: 3}
      propertyPath: m_LocalRotation.w
      value: 1
      objectReference: {fileID: 0}
    - target: {fileID: 6111635871022619087, guid: a85a8be6088c303488e8cc85a4a9c942,
        type: 3}
      propertyPath: m_RootOrder
      value: 2
      objectReference: {fileID: 0}
    - target: {fileID: 6111635871022619087, guid: a85a8be6088c303488e8cc85a4a9c942,
        type: 3}
      propertyPath: m_LocalEulerAnglesHint.x
      value: 0
      objectReference: {fileID: 0}
    - target: {fileID: 6111635871022619087, guid: a85a8be6088c303488e8cc85a4a9c942,
        type: 3}
      propertyPath: m_LocalEulerAnglesHint.y
      value: 0
      objectReference: {fileID: 0}
    - target: {fileID: 6111635871022619087, guid: a85a8be6088c303488e8cc85a4a9c942,
        type: 3}
      propertyPath: m_LocalEulerAnglesHint.z
      value: 0
      objectReference: {fileID: 0}
    m_RemovedComponents: []
  m_SourcePrefab: {fileID: 100100000, guid: a85a8be6088c303488e8cc85a4a9c942, type: 3}
--- !u!4 &1810788480835847845 stripped
Transform:
  m_CorrespondingSourceObject: {fileID: 6111635871022619087, guid: a85a8be6088c303488e8cc85a4a9c942,
    type: 3}
  m_PrefabInstance: {fileID: 5616502164903010154}
  m_PrefabAsset: {fileID: 0}
--- !u!1 &8940299116446620266 stripped
GameObject:
  m_CorrespondingSourceObject: {fileID: 3594858058566305024, guid: a85a8be6088c303488e8cc85a4a9c942,
    type: 3}
  m_PrefabInstance: {fileID: 5616502164903010154}
  m_PrefabAsset: {fileID: 0}
--- !u!1001 &6967205725076906684
PrefabInstance:
  m_ObjectHideFlags: 0
  serializedVersion: 2
  m_Modification:
    m_TransformParent: {fileID: 4520396350849616}
    m_Modifications:
    - target: {fileID: 2246537318719171283, guid: 485a3ed1a9f33ed43b5a2c7284df450f,
        type: 3}
      propertyPath: m_LocalPosition.x
      value: 0
      objectReference: {fileID: 0}
    - target: {fileID: 2246537318719171283, guid: 485a3ed1a9f33ed43b5a2c7284df450f,
        type: 3}
      propertyPath: m_LocalPosition.y
      value: 0
      objectReference: {fileID: 0}
    - target: {fileID: 2246537318719171283, guid: 485a3ed1a9f33ed43b5a2c7284df450f,
        type: 3}
      propertyPath: m_LocalPosition.z
      value: 0
      objectReference: {fileID: 0}
    - target: {fileID: 2246537318719171283, guid: 485a3ed1a9f33ed43b5a2c7284df450f,
        type: 3}
      propertyPath: m_LocalRotation.x
      value: 0
      objectReference: {fileID: 0}
    - target: {fileID: 2246537318719171283, guid: 485a3ed1a9f33ed43b5a2c7284df450f,
        type: 3}
      propertyPath: m_LocalRotation.y
      value: 0
      objectReference: {fileID: 0}
    - target: {fileID: 2246537318719171283, guid: 485a3ed1a9f33ed43b5a2c7284df450f,
        type: 3}
      propertyPath: m_LocalRotation.z
      value: 0
      objectReference: {fileID: 0}
    - target: {fileID: 2246537318719171283, guid: 485a3ed1a9f33ed43b5a2c7284df450f,
        type: 3}
      propertyPath: m_LocalRotation.w
      value: 1
      objectReference: {fileID: 0}
    - target: {fileID: 2246537318719171283, guid: 485a3ed1a9f33ed43b5a2c7284df450f,
        type: 3}
      propertyPath: m_RootOrder
      value: 6
      objectReference: {fileID: 0}
    - target: {fileID: 2246537318719171283, guid: 485a3ed1a9f33ed43b5a2c7284df450f,
        type: 3}
      propertyPath: m_LocalEulerAnglesHint.x
      value: 0
      objectReference: {fileID: 0}
    - target: {fileID: 2246537318719171283, guid: 485a3ed1a9f33ed43b5a2c7284df450f,
        type: 3}
      propertyPath: m_LocalEulerAnglesHint.y
      value: 0
      objectReference: {fileID: 0}
    - target: {fileID: 2246537318719171283, guid: 485a3ed1a9f33ed43b5a2c7284df450f,
        type: 3}
      propertyPath: m_LocalEulerAnglesHint.z
      value: 0
      objectReference: {fileID: 0}
    - target: {fileID: 2275580769562960543, guid: 485a3ed1a9f33ed43b5a2c7284df450f,
        type: 3}
      propertyPath: m_Name
      value: Grappling Hook
      objectReference: {fileID: 0}
    - target: {fileID: 2275580769562960543, guid: 485a3ed1a9f33ed43b5a2c7284df450f,
        type: 3}
      propertyPath: m_IsActive
      value: 1
      objectReference: {fileID: 0}
    - target: {fileID: 6063817815623189612, guid: 485a3ed1a9f33ed43b5a2c7284df450f,
        type: 3}
      propertyPath: inputController
      value: 
      objectReference: {fileID: 0}
    - target: {fileID: 6063817815623189612, guid: 485a3ed1a9f33ed43b5a2c7284df450f,
        type: 3}
      propertyPath: controller
      value: 
      objectReference: {fileID: -1723126832137232990}
    - target: {fileID: 6063817815623189612, guid: 485a3ed1a9f33ed43b5a2c7284df450f,
        type: 3}
      propertyPath: playerNetwork
      value: 
      objectReference: {fileID: 6602349691855699915}
    - target: {fileID: 6063817815623189612, guid: 485a3ed1a9f33ed43b5a2c7284df450f,
        type: 3}
      propertyPath: lengthChangeSpeed
      value: 8
      objectReference: {fileID: 0}
    - target: {fileID: 8597797183784522359, guid: 485a3ed1a9f33ed43b5a2c7284df450f,
        type: 3}
      propertyPath: m_Layer
      value: 2
      objectReference: {fileID: 0}
    m_RemovedComponents: []
  m_SourcePrefab: {fileID: 100100000, guid: 485a3ed1a9f33ed43b5a2c7284df450f, type: 3}
--- !u!4 &9195560408187717743 stripped
Transform:
  m_CorrespondingSourceObject: {fileID: 2246537318719171283, guid: 485a3ed1a9f33ed43b5a2c7284df450f,
    type: 3}
  m_PrefabInstance: {fileID: 6967205725076906684}
  m_PrefabAsset: {fileID: 0}
--- !u!1001 &7093411440120786087
PrefabInstance:
  m_ObjectHideFlags: 0
  serializedVersion: 2
  m_Modification:
    m_TransformParent: {fileID: 4520396350849616}
    m_Modifications:
    - target: {fileID: 848123610611022626, guid: a06aa4dd8b3da0a43a7e25c1147d4271,
        type: 3}
      propertyPath: buildingIndex
      value: 2
      objectReference: {fileID: 0}
    - target: {fileID: 848123610611022626, guid: a06aa4dd8b3da0a43a7e25c1147d4271,
        type: 3}
      propertyPath: controller
      value: 
      objectReference: {fileID: -1723126832137232990}
    - target: {fileID: 848123610611022626, guid: a06aa4dd8b3da0a43a7e25c1147d4271,
        type: 3}
      propertyPath: playerNetwork
      value: 
      objectReference: {fileID: 6602349691855699915}
    - target: {fileID: 848123610611022626, guid: a06aa4dd8b3da0a43a7e25c1147d4271,
        type: 3}
      propertyPath: player
      value: 
      objectReference: {fileID: 7584736671182328571}
    - target: {fileID: 848123610611022626, guid: a06aa4dd8b3da0a43a7e25c1147d4271,
        type: 3}
      propertyPath: Player
      value: 
      objectReference: {fileID: 7584736671182328571}
    - target: {fileID: 1482538516925413985, guid: a06aa4dd8b3da0a43a7e25c1147d4271,
        type: 3}
      propertyPath: m_LocalPosition.x
      value: 0
      objectReference: {fileID: 0}
    - target: {fileID: 1482538516925413985, guid: a06aa4dd8b3da0a43a7e25c1147d4271,
        type: 3}
      propertyPath: m_LocalPosition.y
      value: 0
      objectReference: {fileID: 0}
    - target: {fileID: 1482538516925413985, guid: a06aa4dd8b3da0a43a7e25c1147d4271,
        type: 3}
      propertyPath: m_LocalPosition.z
      value: 0
      objectReference: {fileID: 0}
    - target: {fileID: 1482538516925413985, guid: a06aa4dd8b3da0a43a7e25c1147d4271,
        type: 3}
      propertyPath: m_LocalRotation.x
      value: 0
      objectReference: {fileID: 0}
    - target: {fileID: 1482538516925413985, guid: a06aa4dd8b3da0a43a7e25c1147d4271,
        type: 3}
      propertyPath: m_LocalRotation.y
      value: 0
      objectReference: {fileID: 0}
    - target: {fileID: 1482538516925413985, guid: a06aa4dd8b3da0a43a7e25c1147d4271,
        type: 3}
      propertyPath: m_LocalRotation.z
      value: 0
      objectReference: {fileID: 0}
    - target: {fileID: 1482538516925413985, guid: a06aa4dd8b3da0a43a7e25c1147d4271,
        type: 3}
      propertyPath: m_LocalRotation.w
      value: 1
      objectReference: {fileID: 0}
    - target: {fileID: 1482538516925413985, guid: a06aa4dd8b3da0a43a7e25c1147d4271,
        type: 3}
      propertyPath: m_RootOrder
      value: 3
      objectReference: {fileID: 0}
    - target: {fileID: 1482538516925413985, guid: a06aa4dd8b3da0a43a7e25c1147d4271,
        type: 3}
      propertyPath: m_LocalEulerAnglesHint.x
      value: 0
      objectReference: {fileID: 0}
    - target: {fileID: 1482538516925413985, guid: a06aa4dd8b3da0a43a7e25c1147d4271,
        type: 3}
      propertyPath: m_LocalEulerAnglesHint.y
      value: 0
      objectReference: {fileID: 0}
    - target: {fileID: 1482538516925413985, guid: a06aa4dd8b3da0a43a7e25c1147d4271,
        type: 3}
      propertyPath: m_LocalEulerAnglesHint.z
      value: 0
      objectReference: {fileID: 0}
    - target: {fileID: 1482538516925413988, guid: a06aa4dd8b3da0a43a7e25c1147d4271,
        type: 3}
      propertyPath: m_Name
      value: Build Gun
      objectReference: {fileID: 0}
    m_RemovedComponents: []
  m_SourcePrefab: {fileID: 100100000, guid: a06aa4dd8b3da0a43a7e25c1147d4271, type: 3}
--- !u!114 &7617275757030545285 stripped
MonoBehaviour:
  m_CorrespondingSourceObject: {fileID: 848123610611022626, guid: a06aa4dd8b3da0a43a7e25c1147d4271,
    type: 3}
  m_PrefabInstance: {fileID: 7093411440120786087}
  m_PrefabAsset: {fileID: 0}
  m_GameObject: {fileID: 8566925053868578499}
  m_Enabled: 1
  m_EditorHideFlags: 0
  m_Script: {fileID: 11500000, guid: 3a5b420238473364ba80af72440a1e0c, type: 3}
  m_Name: 
  m_EditorClassIdentifier: 
--- !u!1 &8566925053868578499 stripped
GameObject:
  m_CorrespondingSourceObject: {fileID: 1482538516925413988, guid: a06aa4dd8b3da0a43a7e25c1147d4271,
    type: 3}
  m_PrefabInstance: {fileID: 7093411440120786087}
  m_PrefabAsset: {fileID: 0}
--- !u!4 &8566925053868578502 stripped
Transform:
  m_CorrespondingSourceObject: {fileID: 1482538516925413985, guid: a06aa4dd8b3da0a43a7e25c1147d4271,
    type: 3}
  m_PrefabInstance: {fileID: 7093411440120786087}
  m_PrefabAsset: {fileID: 0}
